<record><leader>00000cas a22000007a 4500</leader><controlfield tag="001">9299187</controlfield><controlfield tag="008">830310d18371838iauwr ne      0   a0eng d</controlfield><controlfield tag="009">3770</controlfield><datafield ind1=" " ind2=" " tag="010"><subfield code="a">sn 83025180 </subfield></datafield><datafield ind1=" " ind2=" " tag="040"><subfield code="a">NPV</subfield><subfield code="b">eng</subfield><subfield code="c">NPV</subfield><subfield code="d">INP</subfield><subfield code="d">DLC</subfield><subfield code="d">OCLCG</subfield><subfield code="d">KRTAS</subfield></datafield><datafield ind1="1" ind2=" " tag="029"><subfield code="a">AU@</subfield><subfield code="b">000025809226</subfield></datafield><datafield ind1=" " ind2=" " tag="042"><subfield code="a">msc</subfield></datafield><datafield ind1=" " ind2=" " tag="043"><subfield code="a">n-us-ia</subfield></datafield><datafield ind1=" " ind2=" " tag="045"><subfield code="a">w3w3</subfield></datafield><datafield ind1=" " ind2=" " tag="052"><subfield code="a">4153</subfield><subfield code="b">L4</subfield></datafield><datafield ind1="0" ind2="4" tag="245"><subfield code="a">The Western adventurer, and herald of the upper Mississippi.</subfield></datafield><datafield ind1="1" ind2="3" tag="246"><subfield code="a">Adventurer</subfield></datafield><datafield ind1="1" ind2="3" tag="246"><subfield code="a">Herald of the upper Mississippi</subfield></datafield><datafield ind1=" " ind2=" " tag="260"><subfield code="a">Montrose, Wisconsin Territory [i.e. Iowa :</subfield><subfield code="b">s.n.],</subfield><subfield code="c">1837-</subfield></datafield><datafield ind1=" " ind2=" " tag="300"><subfield code="a">v.</subfield></datafield><datafield ind1=" " ind2=" " tag="310"><subfield code="a">Weekly</subfield></datafield><datafield ind1="0" ind2=" " tag="362"><subfield code="a">Vol. 1, no. 1 (June 28, 1837)-</subfield></datafield><datafield ind1="1" ind2=" " tag="362"><subfield code="a">Ceased in 1838.</subfield><subfield code="z">Cf. Bibl. of Iowa newspapers.</subfield></datafield><datafield ind1=" " ind2=" " tag="500"><subfield code="a">"Published at Montrose (late Fort Des Moines) Wisconsin Territory."</subfield></datafield><datafield ind1=" " ind2=" " tag="500"><subfield code="a">"'Where is the wilderness that once was wide around thee!' Dr. Bird."</subfield></datafield><datafield ind1=" " ind2=" " tag="500"><subfield code="a">Editor: Thomas Gregg.</subfield></datafield><datafield ind1="1" ind2=" " tag="700"><subfield code="a">Gregg, Thomas,</subfield><subfield code="d">1808-1892.</subfield></datafield><datafield ind1=" " ind2=" " tag="752"><subfield code="a">United States</subfield><subfield code="b">Iowa</subfield><subfield code="c">Lee</subfield><subfield code="d">Montrose.</subfield></datafield><datafield ind1=" " ind2=" " tag="938"><subfield code="a">Kirtas Technologies, Inc.</subfield><subfield code="b">KRTS</subfield><subfield code="n">736249</subfield></datafield></record>